<record><leader>00000cas a22000007a 4500</leader><controlfield tag="001">28358101</controlfield><controlfield tag="008">930630d186u187unyuwr ne      0    0eng d</controlfield><datafield ind1=" " ind2=" " tag="010"><subfield code="a">sn 93063897 </subfield></datafield><datafield ind1=" " ind2=" " tag="040"><subfield code="a">NYS</subfield><subfield code="b">eng</subfield><subfield code="c">NYS</subfield><subfield code="d">OCL</subfield><subfield code="d">OCLCQ</subfield><subfield code="d">OCLCF</subfield><subfield code="d">OCLCO</subfield></datafield><datafield ind1="1" ind2=" " tag="029"><subfield code="a">AU@</subfield><subfield code="b">000020230891</subfield></datafield><datafield ind1=" " ind2=" " tag="042"><subfield code="a">msc</subfield></datafield><datafield ind1=" " ind2=" " tag="043"><subfield code="a">n-us-ny</subfield></datafield><datafield ind1="0" ind2=" " tag="130"><subfield code="a">Dunkirk journal (Dunkirk, N.Y. : 1867)</subfield></datafield><datafield ind1="1" ind2="0" tag="245"><subfield code="a">Dunkirk journal.</subfield></datafield><datafield ind1=" " ind2=" " tag="260"><subfield code="a">Dunkirk, Chautauqua County, N.Y. :</subfield><subfield code="b">Beecher &amp; Sill</subfield></datafield><datafield ind1=" " ind2=" " tag="300"><subfield code="a">v.</subfield></datafield><datafield ind1=" " ind2=" " tag="310"><subfield code="a">Weekly</subfield></datafield><datafield ind1=" " ind2=" " tag="500"><subfield code="a">Publishers: Beecher &amp; Sill, &lt;1867&gt;; Willard A. Cobb, &lt;1869&gt;.</subfield></datafield><datafield ind1=" " ind2=" " tag="588"><subfield code="a">Description based on: Vol. 18, no. 1 (May 10, 1867).</subfield></datafield><datafield ind1=" " ind2="0" tag="651"><subfield code="a">Dunkirk (N.Y.)</subfield><subfield code="v">Newspapers.</subfield></datafield><datafield ind1=" " ind2="7" tag="655"><subfield code="a">Newspapers.</subfield><subfield code="2">fast</subfield><subfield code="0">(OCoLC)fst01423814</subfield></datafield><datafield ind1=" " ind2="7" tag="651"><subfield code="a">New York (State)</subfield><subfield code="z">Dunkirk.</subfield><subfield code="2">fast</subfield><subfield code="0">(OCoLC)fst01212774</subfield></datafield><datafield ind1=" " ind2=" " tag="752"><subfield code="a">United States</subfield><subfield code="b">New York</subfield><subfield code="c">Chautauqua</subfield><subfield code="d">Dunkirk.</subfield></datafield><datafield ind1="0" ind2="0" tag="780"><subfield code="t">Dunkirk weekly journal (Dunkirk, N.Y. : 1863)</subfield><subfield code="w">(DLC)sn 83030831</subfield><subfield code="w">(OCoLC)9679457</subfield></datafield><datafield ind1="0" ind2="0" tag="785"><subfield code="t">Dunkirk weekly journal (Dunkirk, N.Y. : 1872)</subfield><subfield code="w">(DLC)sn 93063898</subfield><subfield code="w">(OCoLC)28358192</subfield></datafield></record>